@manual{skript, 
    title = {Versuch V14: Tomographie mit Gamma­Strahlung},
    year = 2021,
    organization = {Fakultät Physik, TU Dortmund},
    }
@manual{Struma, 
    title = {Struktur der Materie: Kern- und Teilchenphysik},
    organization = {Tu-Dortmund},
    URL = {https://moodle.tu-dortmund.de/pluginfile.php/1891910/mod_resource/content/0/Vorlesung-KET06.pdf},
    urldate = {2021-12-03},
    }
@manual{Caesium, 
    title = {Gammaspektrum von Cs-137},
    URL = {https://www.leifiphysik.de/kern-teilchenphysik/radioaktivitaet-fortfuehrung/versuche/gammaspektrum-von-cs-137},
    urldate = {2021-12-03},
    }
@manual{Compton, 
    title = {Compton-Effekt},
    URL = {https://www.leifiphysik.de/quantenphysik/quantenobjekt-photon/grundwissen/compton-effekt},
    urldate = {2021-12-03},
    }
@manual{Paar, 
    title = {Wechselwirkungsprozesse von Photonenstrahlung},
    URL = {https://medizinphysik.wiki/wechselwirkung-der-materie/},
    urldate = {2021-12-03},
    }
@manual{skript2, 
    title = {Strahlungsphysik Vorlesung, Herr Block},
    year = 2018,
    organization = {Fakultät Physik, TU Dortmund},
    }
@manual{tomo, 
    title = {Tomographie},
    URL = {https://www.radiologie.de/tomographie/},
    urldate = {2021-12-06},
    }
@manual{Litwerte,
    URL = {https://physics.nist.gov/PhysRefData/Xcom/html/xcom1.html},
    urldate = {2021-12-06},
    }